@article{yang2013sensitivity,
  title={Sensitivity-based uncertainty analysis of a combined travel demand model},
  author={Yang, Chao and Chen, Anthony and Xu, Xiangdong and Wong, SC},
  journal={Transportation Research Part B: Methodological},
  volume={57},
  pages={225--244},
  year={2013},
  publisher={Elsevier}
}

@article{zhao2002propagation,
  title={The propagation of uncertainty through travel demand models: an exploratory analysis},
  author={Zhao, Yong and Kockelman, Kara Maria},
  journal={The Annals of regional science},
  volume={36},
  number={1},
  pages={145--163},
  year={2002},
  publisher={Springer}
}